@book{book:dbsystem,
  author    = {{北川 博之}},
  title     = {データベースシステム},
  publisher = {昭晃堂},
  year      = {1996}
}

@inproceedings{book:Bwtree,
  author    = {Levandoski, J.
               and Lomet, D.
               and Sengupta, S.},
  title     = {The {Bw}-Tree: A {B}-tree for New Hardware Platforms},
  booktitle = {Proc. ICDE},
  year      = {2013},
  pages     = {302--313}
}

@article{book:Bztree,
  author  = {Arulraj, J.
             and Levandoski, J.
             and Minhas, U. F.
             and Larson, P.},
  title   = {{BzTree}: A High-Performance Latch-free Range Index for Non-Volatile Memory},
  journal = {PVLDB},
  volume  = {11},
  number  = {5},
  year    = {2018},
  pages   = {553--565}
}

@book{book:DatabaseInternals,
  author    = {Petrov, A.},
  publisher = {オライリー・ジャパン},
  title     = {詳説データベース: ストレージエンジンと分散データシステムの仕組み},
  year      = {2021}
}

@article{tods1981:Lehman,
  author  = {Lehman, Philip L. and Yao, S. Bing},
  title   = {Efficient Locking for Concurrent Operations on {B}-Trees},
  year    = {1981},
  volume  = {6},
  number  = {4},
  journal = {ACM TODS},
  pages   = {650--670}
}